@book{Sutton2018,
    author = {Richard S. Sutton and Andrew G. Barto},
    title = {Reinforcement Learning: An Introduction},
    year = {2018},
    publisher = {The MIT Press},
    edition = {2nd}
}

@article{Mnih2013,
    author    = {Volodymyr Mnih and
               Koray Kavukcuoglu and
               David Silver and
               Alex Graves and
               Ioannis Antonoglou and
               Daan Wierstra and
               Martin A. Riedmiller},
    title     = {Playing Atari with Deep Reinforcement Learning},
    year      = {2013},
    eprint    = {1312.5602},
    archivePrefix = {arXiv},
    url       = {http://arxiv.org/abs/1312.5602},
    journal   = {ArXiv e-prints},
    pages     = {1--9}
}

@article{Mnih2015,
    archivePrefix = {arXiv},
    arxivId = {1312.5602},
    author = {Mnih, Volodymyr and Kavukcuoglu, Koray and Silver, David and Rusu, Andrei a and Veness, Joel and Bellemare, Marc G and Graves, Alex and Riedmiller, Martin and Fidjeland, Andreas K and Ostrovski, Georg and Petersen, Stig and Beattie, Charles and Sadik, Amir and Antonoglou, Ioannis and King, Helen and Kumaran, Dharshan and Wierstra, Daan and Legg, Shane and Hassabis, Demis},
    doi = {10.1038/nature14236},
    eprint = {1312.5602},
    issn = {0028-0836},
    journal = {Nature},
    number = {7540},
    pages = {529--533},
    pmid = {25719670},
    title = {{Human-level control through deep reinforcement learning}},
    url = {http://dx.doi.org/10.1038/nature14236},
    volume = {518},
    year = {2015}
}

@article{Silver2016,
    title	= {Mastering the game of Go with deep neural networks and tree search},
    author	= {David Silver and Aja Huang and Christopher J. Maddison and Arthur Guez and Laurent Sifre and George van den Driessche and Julian Schrittwieser and Ioannis Antonoglou and Veda Panneershelvam and Marc Lanctot and Sander Dieleman and Dominik Grewe and John Nham and Nal Kalchbrenner and Ilya Sutskever and Timothy Lillicrap and Madeleine Leach and Koray Kavukcuoglu and Thore Graepel and Demis Hassabis},
    year	= {2016},
    URL	= {http://www.nature.com/nature/journal/v529/n7587/full/nature16961.html},
    journal	= {Nature},
    pages	= {484--503},
    volume	= {529}
}

@misc{AlphaGo2017,
	author = {Greg Kohs},
	title = {AlphaGO},
	year = {2017},
	url = {https://www.alphagomovie.com/},
	publisher = {Ro\*Co Films},
}

@article{Openai2019,
  title={Dota 2 with Large Scale Deep Reinforcement Learning},
  author={OpenAI and Christopher Berner and Greg Brockman and Brooke Chan and Vicki Cheung and Przemyslaw Debiak and Christy Dennison and David Farhi and Quirin Fischer and Shariq Hashme and Chris Hesse and Rafal Józefowicz and Scott Gray and Catherine Olsson and Jakub Pachocki and Michael Petrov and Henrique Pondé de Oliveira Pinto and Jonathan Raiman and Tim Salimans and Jeremy Schlatter and Jonas Schneider and Szymon Sidor and Ilya Sutskever and Jie Tang and Filip Wolski and Susan Zhang},
  year={2019},
  eprint={1912.06680},
  archivePrefix={arXiv},
  url={https://arxiv.org/abs/1912.06680},
  journal={ArXiv e-prints},
  pages={1--66},
}

@article{Vinyals2019,
    author={Vinyals, Oriol
    and Babuschkin, Igor
    and Czarnecki, Wojciech M.
    and Mathieu, Micha{\"e}l
    and Dudzik, Andrew
    and Chung, Junyoung
    and Choi, David H.
    and Powell, Richard
    and Ewalds, Timo
    and Georgiev, Petko
    and Oh, Junhyuk
    and Horgan, Dan
    and Kroiss, Manuel
    and Danihelka, Ivo
    and Huang, Aja
    and Sifre, Laurent
    and Cai, Trevor
    and Agapiou, John P.
    and Jaderberg, Max
    and Vezhnevets, Alexander S.
    and Leblond, R{\'e}mi
    and Pohlen, Tobias
    and Dalibard, Valentin
    and Budden, David
    and Sulsky, Yury
    and Molloy, James
    and Paine, Tom L.
    and Gulcehre, Caglar
    and Wang, Ziyu
    and Pfaff, Tobias
    and Wu, Yuhuai
    and Ring, Roman
    and Yogatama, Dani
    and W{\"u}nsch, Dario
    and McKinney, Katrina
    and Smith, Oliver
    and Schaul, Tom
    and Lillicrap, Timothy
    and Kavukcuoglu, Koray
    and Hassabis, Demis
    and Apps, Chris
    and Silver, David},
    title={Grandmaster level in StarCraft II using multi-agent reinforcement learning},
    journal={Nature},
    year={2019},
    day={01},
    volume={575},
    number={7782},
    pages={350-354},
    issn={1476-4687},
    doi={10.1038/s41586-019-1724-z},
    url={https://doi.org/10.1038/s41586-019-1724-z}
}

@misc{Shrestha2017,
	author = {Praveen Shrestha},
	title = {Positive vs Negative Punishment},
	journal = {Psychestudy},
	month = {11},
	day = {17},
	year = {2017},
	url = {https://www.psychestudy.com/behavioral/learning-memory/operant-conditioning/reinforcement-punishment/positive-negative-punishment},
}
